@article{ref1,
 title={Wave energy in Europe: current status and perspectives},
 author={Cl{\'e}ment, Alain and McCullen, Pat and Falc{\~a}o, Ant{\'o}nio
and Fiorentino, Antonio and Gardner, Fred and Hammarlund, Karin and Lemonis,
George and Lewis, Tony and Nielsen, Kim and Petroncini, Simona and others},
 journal={Renewable and sustainable energy reviews},
 volume={6},
 number={5},
 pages={405--431},
 year={2002},
 publisher={Elsevier}
}
@inproceedings{ref2,
 title={Influence of spectrum spreading on the SEAREV wave energy
converter},
 author={Gilloteaux, JC and Babarit, A and Cl{\'e}ment, AH},
 booktitle={International Ocean Energy Conference},
 year={2007}
}
@book{ref3,
 title={Optimal control of wave energy converters},
 author={Bacelli, Giorgio},
 year={2014},
 publisher={National University of Ireland, Maynooth (Ireland)}
}
@article{ref4,
 title={Coordinated control of arrays of wave energy devicesâ€”Benefits over
independent control},
 author={Bacelli, Giorgio and Balitsky, Philip and Ringwood, John V},
 journal={IEEE Transactions on Sustainable Energy},
 volume={4},
 number={4},
 pages={1091--1099},
 year={2013},
 publisher={IEEE}
}
@article{ref5,
 title={Nonlinear optimal wave energy converter control with application to
a flap-type device},
 author={Bacelli, Giorgio and Ringwood, John V},
 journal={IFAC Proceedings Volumes},
 volume={47},
 number={3},
 pages={7696--7701},
 year={2014},
 publisher={Elsevier}
}
@article{ref6,
 title={A control system for a self-reacting point absorber wave energy
converter subject to constraints},
 author={Bacelli, Giorgio and Ringwood, John V and Gilloteaux, JeanChristophe},
 journal={IFAC Proceedings Volumes},
 volume={44},
 number={1},
 pages={11387--11392},
 year={2011},
 publisher={Elsevier}
}
@article{ref7,
 title={Optimal control of wave energy converters},
 author={Zou, Shangyan and Abdelkhalik, Ossama and Robinett, Rush and
Bacelli, Giorgio and Wilson, David},
 journal={Renewable energy},
 volume={103},
 pages={217--225},
 year={2017},
 publisher={Elsevier}
}
@article{ref8,
 title={A resonant point absorber of ocean-wave power},
 author={Budar, K and Falnes, Johannes},
 journal={Nature},
 volume={256},
 number={5517},
 pages={478--479},
 year={1975},
 publisher={Nature Publishing Group UK London}
}
@book{ref9,
 title={Ocean waves and oscillating systems: linear interactions including
wave-energy extraction},
 author={Falnes, Johannes and Kurniawan, Adi},
 volume={8},
 year={2020},
 publisher={Cambridge university press}
}
@article{ref10,
 title={Ocean waves and oscillating systems: Linear interactions including
wave-energy extraction},
 author={Falnes, J and Perlin, M},
 journal={Applied Mechanics Reviews},
 volume={56},
 number={1},
 pages={B3},
 year={2003}
}
@article{ref11,
 title={Constrained optimal control of a heaving buoy wave-energy
converter},
 author={Hals, J{\o}rgen and Falnes, Johannes and Moan, Torgeir},
 year={2011}
}
@article{ref12,
 title={A numerical simulation of a variable-shape buoy wave energy
converter},
 author={Zou, Shangyan and Abdelkhalik, Ossama},
 journal={Journal of Marine Science and Engineering},
 volume={9},
 number={6},
 pages={625},
 year={2021},
 publisher={MDPI}
}
}@article{ref13,
 title={Modeling of a variable-geometry wave energy converter},
 author={Zou, Shangyan and Abdelkhalik, Ossama},
 journal={IEEE Journal of Oceanic Engineering},
 volume={46},
 number={3},
 pages={879--890},
 year={2020},
 publisher={IEEE}
}
@inproceedings{ref14,
 title={Numerical wave tank simulation of a variable geometry wave energy
converter},
 author={Zou, Shangyan and Abdelkhalik, Ossama},
 booktitle={International Conference on Offshore Mechanics and Arctic
Engineering},
 volume={84416},
 pages={V009T09A024},
 year={2020},
 organization={American Society of Mechanical Engineers}
}
@article{ref15,
 title={Computationally efficient nonlinear Froude--Krylov force
calculations for heaving axisymmetric wave energy point absorbers},
 author={Giorgi, Giuseppe and Ringwood, John V},
 journal={Journal of Ocean Engineering and Marine Energy},
 volume={3},
 pages={21--33},
 year={2017},
 publisher={Springer}
}
@article{ref16,
 title={Numerical optimal control of wave energy converters},
 author={Bacelli, Giorgio and Ringwood, John V},
 journal={IEEE Transactions on Sustainable Energy},
 volume={6},
 number={2},
 pages={294--302},
 year={2014},
 publisher={IEEE}
}
@article{ref17,
 title={Numerical investigation of liquid water transport dynamics in novel
hybrid sinusoidal flow channel designs for PEMFC},
 author={Anyanwu, Ikechukwu S and Hou, Yuze and Chen, Wenmiao and Pan,
Fengwen and Du, Qing and Xuan, Jin and Jiao, Kui},
 journal={Energies},
 volume={12},
 number={21},
 pages={4030},
 year={2019},
 publisher={MDPI}
}
@article{ref18,
 title={A review of offshore wave energy extraction system},
 author={Chen, Zhongxian and Yu, Haitao and Hu, Minqiang and Meng, Gaojun
and Wen, Cheng},
 journal={Advances in Mechanical Engineering},
 volume={5},
 pages={623020},
 year={2013},
 publisher={SAGE Publications Sage UK: London, England}
}
@article{ref19,
 title={Review on electrical control strategies for wave energy converting
systems},
 author={Hong, Yue and Waters, Rafael and Bostr{\"o}m, Cecilia and Eriksson,
Mikael and Engstr{\"o}m, Jens and Leijon, Mats},
 journal={Renewable and Sustainable Energy Reviews},
 volume={31},
 pages={329--342},
 year={2014},
 publisher={Elsevier}
}
@techreport{ref20,
 title={Preliminary analysis of an oscillating surge wave energy converter
with controlled geometry},
 author={Tom, Nathan and Lawson, Michael and Yu, Yi-Hsiang and Wright,
Alan},
 year={2015},
 institution={National Renewable Energy Lab.(NREL), Golden, CO (United
States)}
}
@article{ref21,
 title={Numerical simulation of a submerged cylindrical wave energy
converter},
 author={Anbarsooz, Morteza and Passandideh-Fard, Mohammad and Moghiman,
Mohammad},
 journal={Renewable Energy},
 volume={64},
 pages={132--143},
 year={2014},
 publisher={Elsevier}
}
@article{ref22,
 title={Influence of nonlinear Froude--Krylov forces on the performance of
two wave energy points absorbers},
 author={Penalba, Markel and M{\'e}rigaud, Alexis and Gilloteaux, JeanChristophe and Ringwood, John V},
 journal={Journal of Ocean Engineering and Marine Energy},
 volume={3},
 pages={209--220},
 year={2017},
 publisher={Springer}
}
@article{ref23,
 title={A review of wave-to-wire models for wave energy converters},
 author={Penalba, Markel and Ringwood, John V},
 journal={Energies},
 volume={9},
 number={7},
 pages={506},
 year={2016},
 publisher={MDPI}
}
@article{ref24,
 title={The pseudospectral Legendre method for discretizing optimal control
problems},
 author={Elnagar, Gamal and Kazemi, Mohammad A and Razzaghi, Mohsen},
 journal={IEEE transactions on Automatic Control},
 volume={40},
 number={10},
 pages={1793--1796},
 year={1995},
 publisher={IEEE}
}
@article{ref25,
 title={Spectral modeling of an oscillating surge wave energy converter with
control surfaces},
 author={Tom, Nathan and Lawson, Michael and Yu, Yi-Hsiang and Wright,
Alan},
 journal={Applied Ocean Research},
 volume={56},
 pages={143--156},
 year={2016},
 publisher={Elsevier}
}
@article{ref26,
 title={Development of a nearshore oscillating surge wave energy converter
with variable geometry},
 author={Tom, NM and Lawson, MJ and Yu, Yi-Hsiang and Wright, AD},
 journal={Renewable Energy},
 volume={96},
 pages={410--424},
 year={2016},
 publisher={Elsevier}
}
@inproceedings{ref27,
 title={Numerical analysis on hydraulic power take-off for wave energy
converter and power smoothing methods},
 author={Yu, Yi-Hsiang and Tom, Nathan and Jenne, Dale},
 booktitle={International Conference on Offshore Mechanics and Arctic
Engineering},
 volume={51319},
 pages={V010T09A043},
 year={2018},
 organization={American Society of Mechanical Engineers}
}
@article{ref28,
 title={Integrating feedback control and run-to-run control in multi-wafer
thermal atomic layer deposition of thin films},
 author={Zhang, Yichi and Ding, Yangyao and Christofides, Panagiotis D},
 journal={Processes},
 volume={8},
 number={1},
 pages={18},
 year={2019},
 publisher={MDPI}
}
@article{ref29,
 title={High-fidelity numerical modelling of ocean wave energy systems: A
review of computational fluid dynamics-based numerical wave tanks},
 author={Windt, Christian and Davidson, Josh and Ringwood, John V},
 journal={Renewable and Sustainable Energy Reviews},
 volume={93},
 pages={610--630},
 year={2018},
 publisher={Elsevier}
}
@article{ref30,
 title={Experimental validation of a computational fluid dynamics model
using micro-particle image velocimetry of the irrigation flow in confluent
canals},
 author={Rito Pereira, M{\'a}rio and Silva, Goncalo and Semiao, Viriato and
Silverio, Vania and Martins, Jorge NR and Pascoal-Faria, Paula and Alves,
Nuno and Dias, Juliana R and Ginjeira, Ant{\'o}nio},
 journal={International Endodontic Journal},
 volume={55},
 number={12},
 pages={1394--1403},
 year={2022},
 publisher={Wiley Online Library}
}
@inproceedings{ref31,
 title={Three dimensional velocity field underneath a breaking rogue wave},
 author={Alberello, Alberto and Pakodzi, Csaba and Nelli, Filippo and
Bitner-Gregersen, Elzbieta M and Toffoli, Alessandro},
 booktitle={International Conference on Offshore Mechanics and Arctic
Engineering},
 volume={57656},
 pages={V03AT02A009},
 year={2017},
 organization={American Society of Mechanical Engineers}
}
@inproceedings{ref32,
 title={Development and application of interfacial anti-diffusion and poor
mesh numerics treatments for free surface flows},
 author={Gupta, Vinay Kumar and Khan, Mohib and Punekar, Hemant},
 booktitle={2015 IEEE 22nd International Conference on High Performance
Computing Workshops},
 pages={12--18},
 year={2015},
 organization={IEEE}
}
@article{ref33,
 title={Full-scale unsteady RANS CFD simulations of ship behaviour and
performance in head seas due to slow steaming},
 author={Tezdogan, Tahsin and Demirel, Yigit Kemal and Kellett, Paula and
Khorasanchi, Mahdi and Incecik, Atilla and Turan, Osman},
 journal={Ocean Engineering},
 volume={97},
 pages={186--206},
 year={2015},
 publisher={Elsevier}
}
@inproceedings{ref34,
 title={Simulation of deep-water waves based on JONSWAP spectrum and
realization by MATLAB},
 author={Guo, Qiuying and Xu, Zunyi},
 booktitle={2011 19th International Conference on Geoinformatics},
 pages={1--4},
 year={2011},
 organization={IEEE}
}
@mastersthesis{ref35,
 title={Calculation of wave forces on structures using reef3d},
 author={Kamath, Arun Mulky},
 year={2012},
 school={Institutt for bygg, anlegg og transport}
}
@article{ref36,
 title={An investigation on the vortex effect of a CALM buoy under water
waves using Computational Fluid Dynamics (CFD)},
 author={Amaechi, Chiemela Victor and Ye, Jianqiao},
 journal={Inventions},
 volume={7},
 number={1},
 pages={23},
 year={2022},
 publisher={MDPI}
}
@article{ref37,
 title={Phase control through load control of oscillating-body wave energy
converters with hydraulic PTO system},
 author={Falc{\~a}o, Ant{\'o}nio F de O},
 journal={Ocean engineering},
 volume={35},
 number={3-4},
 pages={358--366},
 year={2008},
 publisher={Elsevier}
}
@article{ref38,
 title={Wave energy utilization: A review of the technologies},
 author={Falcao, Antonio F de O},
 journal={Renewable and sustainable energy reviews},
 volume={14},
 number={3},
 pages={899--918},
 year={2010},
 publisher={Elsevier}
}
@article{ref39,
 title={Cogging force minimization in a coupled permanent magnet linear
generator for sea wave energy extraction applications},
 author={Kimoulakis, Nikolaos M and Kladas, Antonios G and Tegopoulos, John
A},
 journal={IEEE Transactions on Magnetics},
 volume={45},
 number={3},
 pages={1246--1249},
 year={2009},
 publisher={IEEE}
}
@article{ref40,
 title={Preliminary computational fluid dynamics (CFD) simulation of EIIB
push barge in shallow water},
 author={Benes, Petr and Koll{\'a}rik, R{\'o}bert},
 journal={Scientific Proceedings. Faculty of Mechanical Engineering, Slovak
University of Technology in Bratislava},
 volume={19},
 number={1},
 pages={67},
 year={2011},
 publisher={De Gruyter Open Sp. z oo}
}
@article{ref41,
 title={Marine climate projections toward the end of the twenty-first
century in the north Atlantic},
 author={Bernardino, Mariana and Goncalves, Marta and Guedes Soares,
Carlos},
 journal={Journal of Offshore Mechanics and Arctic Engineering},
 volume={143},
 number={6},
 pages={061201},
 year={2021},
 publisher={American Society of Mechanical Engineers}
}
@article{ref42,
 title={To catch a wave: ocean wave energy is trying to break into the
renewable-energy market, but many challenges remain},
 author={Callaway, Ewen},
 journal={Nature},
 volume={450},
 number={7167},
 pages={156--160},
 year={2007},
 publisher={Nature Publishing Group}
}
@article{ref43,
 title={Intra-annual wave resource characterization for energy exploitation:
A new decision-aid tool},
 author={Carballo, R and S{\'a}nchez, M and Ramos, V and Fraguela, JA and
Iglesias, G},
 journal={Energy Conversion and Management},
 volume={93},
 pages={1--8},
 year={2015},
 publisher={Elsevier}
}
@article{ref44,
 title={Economic comparison of technological alternatives to harness
offshore wind and wave energies},
 author={Castro-Santos, Laura and Martins, Elson and Soares, C Guedes},
 journal={Energy},
 volume={140},
 pages={1121--1130},
 year={2017},
 publisher={Elsevier}
}
@article{ref45,
 title={Methodology to calculate the costs of a floating offshore renewable
energy farm},
 author={Castro-Santos, Laura and Martins, Elson and Guedes Soares, Carlos},
 journal={Energies},
 volume={9},
 number={5},
 pages={324},
 year={2016},
 publisher={MDPI}
}
@article{ref46,
 title={An application of model predictive control to a wave energy point
absorber},
 author={Cretel, J and Lewis, AW and Lightbody, G and Thomas, GP},
 journal={IFAC Proceedings Volumes},
 volume={43},
 number={1},
 pages={267--272},
 year={2010},
 publisher={Elsevier}
}
@article{ref47,
 title={Maximisation of energy capture by a wave-energy point absorber using
model predictive control},
 author={Cretel, Julien AM and Lightbody, Gordon and Thomas, Gareth P and
Lewis, Anthony W},
 journal={IFAC Proceedings Volumes},
 volume={44},
 number={1},
 pages={3714--3721},
 year={2011},
 publisher={Elsevier}
}
@article{ref48,
 title={The impulse response function and ship motions},
 author={Cummins, WE and others},
 year={1962},
 publisher={Department of the Navy, David Taylor Model Basin Bethesda, MD,
USA}
}
@article{ref49,
 title={Feasibility of investment in Blue Growth multiple-use of space and
multi-use platform projects; results of a novel assessment approach and case
studies},
 author={Dalton, Gordon and Bard{\'o}cz, Tam{\'a}s and Blanch, Mike and
Campbell, David and Johnson, Kate and Lawrence, Gareth and Lilas, Theodore
and Friis-Madsen, Erik and Neumann, Frank and Nikitas, Nikitakos and others},
 journal={Renewable and Sustainable Energy Reviews},
 volume={107},
 pages={338--359},
 year={2019},
 publisher={Elsevier}
}
@article{ref50,
 title={Time-domain floating body dynamics by rational approximation of the
radiation impedance and diffraction mapping},
 author={Damaren, Christopher J},
 journal={Ocean Engineering},
 volume={27},
 number={6},
 pages={687--705},
 year={2000},
 publisher={Elsevier}
}
@article{ref51,
 title={New Wave Energy Converter Design Inspired by the Nenuphar Plant},
 author={D{\'\i}az, Hugo and Rodrigues, Jos{\'e} Miguel and Guedes Soares,
C},
 journal={Journal of Marine Science and Engineering},
 volume={10},
 number={11},
 pages={1612},
 year={2022},
 publisher={Multidisciplinary Digital Publishing Institute}
}
@misc{ref52,
 title={A review of wave energy converter technology},
 author={Drew, Benjamin and Plummer, Andrew R and Sahinkaya, M Necip},
 year={2009},
 publisher={Sage Publications Sage UK: London, England}
}
@article{ref53,
 title={Optimum control of a floating wave-energy converter with restricted
amplitude},
 author={Eidsmoen, H{\aa}vard},
 year={1996}
}
@article{ref54,
 title={The method of weighted residualsâ€”a review},
 author={Finlayson, Bruce A and Scriven, Laurence Edward},
 journal={Appl. Mech. Rev},
 volume={19},
 number={9},
 pages={735--748},
 year={1966}
}